%YAML 1.1
%TAG !u! tag:unity3d.com,2011:
--- !u!1 &2714952249539662310
GameObject:
  m_ObjectHideFlags: 0
  m_CorrespondingSourceObject: {fileID: 0}
  m_PrefabInstance: {fileID: 0}
  m_PrefabAsset: {fileID: 0}
  serializedVersion: 6
  m_Component:
  - component: {fileID: 2714952249539662312}
  - component: {fileID: 2714952249539662311}
  - component: {fileID: 2714952249539662313}
  - component: {fileID: 2714952249539662315}
  - component: {fileID: 861097255}
  - component: {fileID: -4890402424484702984}
  - component: {fileID: -1778521214820709259}
  m_Layer: 0
  m_Name: Enemy (2)
  m_TagString: virus2
  m_Icon: {fileID: 0}
  m_NavMeshLayer: 0
  m_StaticEditorFlags: 0
  m_IsActive: 1
--- !u!4 &2714952249539662312
Transform:
  m_ObjectHideFlags: 0
  m_CorrespondingSourceObject: {fileID: 0}
  m_PrefabInstance: {fileID: 0}
  m_PrefabAsset: {fileID: 0}
  m_GameObject: {fileID: 2714952249539662310}
  m_LocalRotation: {x: 0, y: 0, z: 0, w: 1}
  m_LocalPosition: {x: -0.1, y: 3.01, z: 0}
  m_LocalScale: {x: 0.5, y: 0.5, z: 1}
  m_Children: []
  m_Father: {fileID: 0}
  m_RootOrder: 0
  m_LocalEulerAnglesHint: {x: 0, y: 0, z: 0}
--- !u!212 &2714952249539662311
SpriteRenderer:
  m_ObjectHideFlags: 0
  m_CorrespondingSourceObject: {fileID: 0}
  m_PrefabInstance: {fileID: 0}
  m_PrefabAsset: {fileID: 0}
  m_GameObject: {fileID: 2714952249539662310}
  m_Enabled: 1
  m_CastShadows: 0
  m_ReceiveShadows: 0
  m_DynamicOccludee: 1
  m_MotionVectors: 1
  m_LightProbeUsage: 1
  m_ReflectionProbeUsage: 1
  m_RenderingLayerMask: 1
  m_RendererPriority: 0
  m_Materials:
  - {fileID: 10754, guid: 0000000000000000f000000000000000, type: 0}
  m_StaticBatchInfo:
    firstSubMesh: 0
    subMeshCount: 0
  m_StaticBatchRoot: {fileID: 0}
  m_ProbeAnchor: {fileID: 0}
  m_LightProbeVolumeOverride: {fileID: 0}
  m_ScaleInLightmap: 1
  m_ReceiveGI: 1
  m_PreserveUVs: 0
  m_IgnoreNormalsForChartDetection: 0
  m_ImportantGI: 0
  m_StitchLightmapSeams: 1
  m_SelectedEditorRenderState: 0
  m_MinimumChartSize: 4
  m_AutoUVMaxDistance: 0.5
  m_AutoUVMaxAngle: 89
  m_LightmapParameters: {fileID: 0}
  m_SortingLayerID: 0
  m_SortingLayer: 0
  m_SortingOrder: 1
  m_Sprite: {fileID: 21300000, guid: f6e28ea49b75c71419d130d9d979f410, type: 3}
  m_Color: {r: 1, g: 1, b: 1, a: 1}
  m_FlipX: 0
  m_FlipY: 0
  m_DrawMode: 0
  m_Size: {x: 2.97, y: 2.83}
  m_AdaptiveModeThreshold: 0.5
  m_SpriteTileMode: 0
  m_WasSpriteAssigned: 1
  m_MaskInteraction: 0
  m_SpriteSortPoint: 0
--- !u!61 &2714952249539662313
BoxCollider2D:
  m_ObjectHideFlags: 0
  m_CorrespondingSourceObject: {fileID: 0}
  m_PrefabInstance: {fileID: 0}
  m_PrefabAsset: {fileID: 0}
  m_GameObject: {fileID: 2714952249539662310}
  m_Enabled: 0
  m_Density: 1
  m_Material: {fileID: 0}
  m_IsTrigger: 1
  m_UsedByEffector: 0
  m_UsedByComposite: 0
  m_Offset: {x: 0, y: 0}
  m_SpriteTilingProperty:
    border: {x: 0, y: 0, z: 0, w: 0}
    pivot: {x: 0.5, y: 0.5}
    oldSize: {x: 2.97, y: 2.83}
    newSize: {x: 2.97, y: 2.83}
    adaptiveTilingThreshold: 0.5
    drawMode: 0
    adaptiveTiling: 0
  m_AutoTiling: 0
  serializedVersion: 2
  m_Size: {x: 4, y: 4}
  m_EdgeRadius: 0
--- !u!114 &2714952249539662315
MonoBehaviour:
  m_ObjectHideFlags: 0
  m_CorrespondingSourceObject: {fileID: 0}
  m_PrefabInstance: {fileID: 0}
  m_PrefabAsset: {fileID: 0}
  m_GameObject: {fileID: 2714952249539662310}
  m_Enabled: 1
  m_EditorHideFlags: 0
  m_Script: {fileID: 11500000, guid: 7c68224005370c54daf530075fc51d10, type: 3}
  m_Name: 
  m_EditorClassIdentifier: 
  enemyModel:
    health: 0
    referncePosition: {x: 0, y: 0}
    timeToAttack: 10
  enemyType: 1
  speed: 1
  rotateSpeed: 100
  destroySequenceList: 
  currentSequenceList: 
  predictedInt: 0
  onHitEffect:
  - {fileID: 100000, guid: 3156817f64ec68948ad6bb26569b9ef5, type: 3}
  - {fileID: 1280141305896002, guid: d32815ec6953f6644b05fea688267d52, type: 3}
  - {fileID: 100006, guid: db4c892d25cb5bb438840f42fc1f2034, type: 3}
  onDestroyEffect:
  - {fileID: 100000, guid: 684830bb03b04ed4ab62503060a10df2, type: 3}
  onDestroySound: {fileID: 8300000, guid: fa6cba83a4316904f9489e7d058b2c15, type: 3}
  onHitSound: {fileID: 8300000, guid: e6635f9609d0cd045aa33e0224d3d098, type: 3}
  audioSource: {fileID: 0}
  gameManager: {fileID: 0}
  objectColor: {r: 0, g: 0, b: 0, a: 0}
  colorDecreaseStep: 0
  humanGameObject: {fileID: 0}
  attack: 0
--- !u!50 &861097255
Rigidbody2D:
  serializedVersion: 4
  m_ObjectHideFlags: 0
  m_CorrespondingSourceObject: {fileID: 0}
  m_PrefabInstance: {fileID: 0}
  m_PrefabAsset: {fileID: 0}
  m_GameObject: {fileID: 2714952249539662310}
  m_BodyType: 1
  m_Simulated: 1
  m_UseFullKinematicContacts: 0
  m_UseAutoMass: 0
  m_Mass: 1
  m_LinearDrag: 0
  m_AngularDrag: 0.05
  m_GravityScale: 0.01
  m_Material: {fileID: 0}
  m_Interpolate: 1
  m_SleepingMode: 1
  m_CollisionDetection: 0
  m_Constraints: 0
--- !u!95 &-4890402424484702984
Animator:
  serializedVersion: 3
  m_ObjectHideFlags: 0
  m_CorrespondingSourceObject: {fileID: 0}
  m_PrefabInstance: {fileID: 0}
  m_PrefabAsset: {fileID: 0}
  m_GameObject: {fileID: 2714952249539662310}
  m_Enabled: 1
  m_Avatar: {fileID: 0}
  m_Controller: {fileID: 9100000, guid: 7e132d5ba6c2bf943b30501b0fd2e3b6, type: 2}
  m_CullingMode: 0
  m_UpdateMode: 0
  m_ApplyRootMotion: 0
  m_LinearVelocityBlending: 0
  m_WarningMessage: 
  m_HasTransformHierarchy: 1
  m_AllowConstantClipSamplingOptimization: 1
  m_KeepAnimatorControllerStateOnDisable: 0
--- !u!60 &-1778521214820709259
PolygonCollider2D:
  m_ObjectHideFlags: 0
  m_CorrespondingSourceObject: {fileID: 0}
  m_PrefabInstance: {fileID: 0}
  m_PrefabAsset: {fileID: 0}
  m_GameObject: {fileID: 2714952249539662310}
  m_Enabled: 1
  m_Density: 1
  m_Material: {fileID: 0}
  m_IsTrigger: 1
  m_UsedByEffector: 0
  m_UsedByComposite: 0
  m_Offset: {x: 0, y: 0}
  m_SpriteTilingProperty:
    border: {x: 0, y: 0, z: 0, w: 0}
    pivot: {x: 0.5, y: 0.5}
    oldSize: {x: 2.97, y: 2.83}
    newSize: {x: 2.97, y: 2.83}
    adaptiveTilingThreshold: 0.5
    drawMode: 0
    adaptiveTiling: 0
  m_AutoTiling: 0
  m_Points:
    m_Paths:
    - - {x: -0.095, y: -1.015}
      - {x: -0.055, y: -0.905}
      - {x: 0.085, y: -0.885}
      - {x: 0.275, y: -0.885}
      - {x: 0.195, y: -1.0849999}
      - {x: 0.185, y: -1.2049999}
      - {x: 0.255, y: -1.285}
      - {x: 0.305, y: -1.3149999}
      - {x: 0.625, y: -1.305}
      - {x: 0.72499996, y: -1.2149999}
      - {x: 0.755, y: -1.125}
      - {x: 0.515, y: -0.79499996}
      - {x: 0.73499995, y: -0.59499997}
      - {x: 0.775, y: -0.765}
      - {x: 0.79499996, y: -0.835}
      - {x: 0.905, y: -0.935}
      - {x: 1.095, y: -0.875}
      - {x: 1.275, y: -0.66499996}
      - {x: 1.285, y: -0.585}
      - {x: 1.235, y: -0.48499998}
      - {x: 0.955, y: -0.435}
      - {x: 0.865, y: -0.24499999}
      - {x: 0.92499995, y: -0.145}
      - {x: 1.0849999, y: -0.305}
      - {x: 1.225, y: -0.375}
      - {x: 1.285, y: -0.375}
      - {x: 1.415, y: -0.295}
      - {x: 1.485, y: -0.095}
      - {x: 1.485, y: 0.13499999}
      - {x: 1.405, y: 0.205}
      - {x: 1.155, y: 0.145}
      - {x: 0.97499996, y: 0.095}
      - {x: 0.84499997, y: 0.405}
      - {x: 1.095, y: 0.39499998}
      - {x: 1.295, y: 0.42499998}
      - {x: 1.355, y: 0.505}
      - {x: 1.355, y: 0.685}
      - {x: 1.155, y: 0.965}
      - {x: 1.035, y: 0.955}
      - {x: 0.955, y: 0.865}
      - {x: 0.815, y: 0.66499996}
      - {x: 0.635, y: 0.645}
      - {x: 0.415, y: 0.865}
      - {x: 0.625, y: 1.055}
      - {x: 0.66499996, y: 1.145}
      - {x: 0.66499996, y: 1.285}
      - {x: 0.465, y: 1.415}
      - {x: 0.185, y: 1.415}
      - {x: 0.125, y: 1.365}
      - {x: 0.095, y: 1.3149999}
      - {x: 0.16499999, y: 1.015}
      - {x: 0.145, y: 0.85499996}
      - {x: -0.195, y: 0.825}
      - {x: -0.225, y: 1.1949999}
      - {x: -0.265, y: 1.245}
      - {x: -0.345, y: 1.305}
      - {x: -0.465, y: 1.295}
      - {x: -0.555, y: 1.265}
      - {x: -0.715, y: 1.2049999}
      - {x: -0.815, y: 1.0849999}
      - {x: -0.79499996, y: 0.97499996}
      - {x: -0.475, y: 0.745}
      - {x: -0.615, y: 0.585}
      - {x: -0.715, y: 0.45499998}
      - {x: -0.815, y: 0.435}
      - {x: -0.935, y: 0.585}
      - {x: -1.025, y: 0.695}
      - {x: -1.125, y: 0.73499995}
      - {x: -1.175, y: 0.72499996}
      - {x: -1.225, y: 0.705}
      - {x: -1.285, y: 0.645}
      - {x: -1.345, y: 0.555}
      - {x: -1.385, y: 0.325}
      - {x: -1.285, y: 0.225}
      - {x: -0.84499997, y: 0.205}
      - {x: -0.85499996, y: -0.015}
      - {x: -1.355, y: -0.015}
      - {x: -1.415, y: -0.024999999}
      - {x: -1.485, y: -0.114999995}
      - {x: -1.485, y: -0.265}
      - {x: -1.4649999, y: -0.345}
      - {x: -1.4449999, y: -0.405}
      - {x: -1.395, y: -0.49499997}
      - {x: -1.245, y: -0.53499997}
      - {x: -0.995, y: -0.355}
      - {x: -0.835, y: -0.305}
      - {x: -0.745, y: -0.475}
      - {x: -0.755, y: -0.585}
      - {x: -1.025, y: -0.59499997}
      - {x: -1.175, y: -0.685}
      - {x: -1.2049999, y: -0.815}
      - {x: -1.045, y: -1.045}
      - {x: -0.97499996, y: -1.095}
      - {x: -0.84499997, y: -1.105}
      - {x: -0.775, y: -1.035}
      - {x: -0.675, y: -0.825}
      - {x: -0.49499997, y: -0.72499996}
      - {x: -0.295, y: -0.85499996}
      - {x: -0.465, y: -1.015}
      - {x: -0.565, y: -1.155}
      - {x: -0.565, y: -1.245}
      - {x: -0.49499997, y: -1.345}
      - {x: -0.355, y: -1.405}
      - {x: -0.295, y: -1.415}
      - {x: -0.125, y: -1.415}
      - {x: -0.055, y: -1.345}
      - {x: -0.074999996, y: -1.185}
